@article{moore2012forecasting,
  title={Forecasting depression in bipolar disorder},
  author={Moore, Paul J and Little, Max A and McSharry, Patrick E and Geddes, John R and Goodwin, Guy M},
  journal={IEEE Transactions on Biomedical Engineering},
  volume={59},
  number={10},
  pages={2801--2807},
  year={2012},
  publisher={IEEE}
}


@article{cornet2018systematic,
  title={Systematic review of smartphone-based passive sensing for health and wellbeing},
  author={Cornet, Victor P and Holden, Richard J},
  journal={Journal of biomedical informatics},
  volume={77},
  pages={120--132},
  year={2018},
  publisher={Elsevier}
}

@article{dogan2017smartphone,
  title={Smartphone-based monitoring of objective and subjective data in affective disorders: where are we and where are we going? Systematic review},
  author={Dogan, Ezgi and Sander, Christian and Wagner, Xenija and Hegerl, Ulrich and Kohls, Elisabeth},
  journal={Journal of medical Internet research},
  volume={19},
  number={7},
  pages={e262},
  year={2017},
  publisher={JMIR Publications Inc., Toronto, Canada}
}

@article{torous2018characterizing,
  title={Characterizing the clinical relevance of digital phenotyping data quality with applications to a cohort with schizophrenia},
  author={Torous, John and Staples, Patrick and Barnett, Ian and Sandoval, Luis R and Keshavan, Matcheri and Onnela, Jukka-Pekka},
  journal={NPJ digital medicine},
  volume={1},
  number={1},
  pages={1--9},
  year={2018},
  publisher={Nature Publishing Group}
}

@article{vangeepuram2018smartphone,
  title={Smartphone ownership and perspectives on health apps among a vulnerable population in East Harlem, New York},
  author={Vangeepuram, Nita and Mayer, Victoria and Fei, Kezhen and Hanlen-Rosado, Emily and Andrade, Cesar and Wright, Shari and Horowitz, Carol},
  journal={Mhealth},
  volume={4},
  year={2018},
  publisher={AME Publications}
}


@article{tuarob2017you,
  title={How are you feeling?: A personalized methodology for predicting mental states from temporally observable physical and behavioral information},
  author={Tuarob, Suppawong and Tucker, Conrad S and Kumara, Soundar and Giles, C Lee and Pincus, Aaron L and Conroy, David E and Ram, Nilam},
  journal={Journal of biomedical informatics},
  volume={68},
  pages={1--19},
  year={2017},
  publisher={Elsevier}
}


@article{kolliakou2020mental,
  title={Mental health-related conversations on social media and crisis episodes: a time-series regression analysis},
  author={Kolliakou, Anna and Bakolis, Ioannis and Chandran, David and Derczynski, Leon and Werbeloff, Nomi and Osborn, David PJ and Bontcheva, Kalina and Stewart, Robert},
  journal={Scientific reports},
  volume={10},
  number={1},
  pages={1--7},
  year={2020},
  publisher={Nature Publishing Group}
}


@article{reece2017forecasting,
  title={Forecasting the onset and course of mental illness with Twitter data},
  author={Reece, Andrew G and Reagan, Andrew J and Lix, Katharina LM and Dodds, Peter Sheridan and Danforth, Christopher M and Langer, Ellen J},
  journal={Scientific reports},
  volume={7},
  number={1},
  pages={1--11},
  year={2017},
  publisher={Nature Publishing Group}
}

@book{zucchini2017hidden,
  title={Hidden Markov models for time series: an introduction using R},
  author={Zucchini, Walter and MacDonald, Iain L and Langrock, Roland},
  year={2017},
  publisher={CRC press}
}


@article{moore2012forecasting,
  title={Forecasting depression in bipolar disorder},
  author={Moore, Paul J and Little, Max A and McSharry, Patrick E and Geddes, John R and Goodwin, Guy M},
  journal={IEEE Transactions on Biomedical Engineering},
  volume={59},
  number={10},
  pages={2801--2807},
  year={2012},
  publisher={IEEE}
}

@article{holmes2016applications,
  title={Applications of time-series analysis to mood fluctuations in bipolar disorder to promote treatment innovation: a case series},
  author={Holmes, Emily A and Bonsall, MB and Hales, SA and Mitchell, H and Renner, F and Blackwell, SE and Watson, Peter and Goodwin, GM and Di Simplicio, M},
  journal={Translational psychiatry},
  volume={6},
  number={1},
  pages={e720--e720},
  year={2016},
  publisher={Nature Publishing Group}
}

@article{alafchi2018forecasting,
  title={Forecasting new cases of bipolar disorder using Poisson Hidden Markov Model},
  author={Alafchi, Behnaz and Yazdi-Ravandi, Saeid and Najafi-Vosough, Roya and Ghaleiha, Ali and Sadeghifar, Majid},
  journal={International Clinical Neuroscience Journal},
  volume={5},
  number={1},
  pages={7},
  year={2018},
  publisher={Shahid Beheshti University Functional Neurosurgery Research Centre}
}


@article{torous2015realizing,
  title={Realizing the potential of mobile mental health: new methods for new data in psychiatry},
  author={Torous, John and Staples, Patrick and Onnela, Jukka-Pekka},
  journal={Current psychiatry reports},
  volume={17},
  number={8},
  pages={61},
  year={2015},
  publisher={Springer}
}


@article{mor2020systematic,
  title={A Systematic Review of Hidden Markov Models and Their Applications},
  author={Mor, Bhavya and Garhwal, Sunita and Kumar, Ajay},
  journal={ARCHIVES OF COMPUTATIONAL METHODS IN ENGINEERING},
  year={2020},
  publisher={Springer}
}

@article{zhang2019high,
  title={High-order Hidden Markov Model for trend prediction in financial time series},
  author={Zhang, Mengqi and Jiang, Xin and Fang, Zehua and Zeng, Yue and Xu, Ke},
  journal={Physica A: Statistical Mechanics and its Applications},
  volume={517},
  pages={1--12},
  year={2019},
  publisher={Elsevier}
}

@book{macdonald1997hidden,
  title={Hidden Markov and other models for discrete-valued time series},
  author={MacDonald, Iain L and Zucchini, Walter},
  volume={110},
  year={1997},
  publisher={CRC Press}
}

@book{durbin1998biological,
  title={Biological sequence analysis: probabilistic models of proteins and nucleic acids},
  author={Durbin, Richard and Eddy, Sean R and Krogh, Anders and Mitchison, Graeme},
  year={1998},
  publisher={Cambridge university press}
}


@article{rabiner1989tutorial,
  title={A tutorial on hidden Markov models and selected applications in speech recognition},
  author={Rabiner, Lawrence R},
  journal={Proceedings of the IEEE},
  volume={77},
  number={2},
  pages={257--286},
  year={1989},
  publisher={Ieee}
}


@article{zhang2010multivariate,
  title={Multivariate discrete hidden Markov models for domain-based measurements and assessment of risk factors in child development},
  author={Zhang, Qiang and Snow Jones, Alison and Rijmen, Frank and Ip, Edward H},
  journal={Journal of Computational and Graphical Statistics},
  volume={19},
  number={3},
  pages={746--765},
  year={2010},
  publisher={Taylor \& Francis}
}

@article{ip2013partially,
  title={Partially ordered mixed hidden Markov model for the disablement process of older adults},
  author={Ip, Edward and Zhang, Qiang and Rejeski, Jack and Harris, Tammy and Kritchevsky, Stephen},
  journal={Journal of the American Statistical Association},
  volume={108},
  number={502},
  pages={370--384},
  year={2013},
  publisher={Taylor \& Francis}
}

@article{altman2007mixed,
  title={Mixed hidden Markov models: an extension of the hidden Markov model to the longitudinal data setting},
  author={Altman, Rachel MacKay},
  journal={Journal of the American Statistical Association},
  volume={102},
  number={477},
  pages={201--210},
  year={2007},
  publisher={Taylor \& Francis}
}


@article{maruotti2012mixed,
  title={A mixed non-homogeneous hidden Markov model for categorical data, with application to alcohol consumption},
  author={Maruotti, Antonello and Rocci, Roberto},
  journal={Statistics in Medicine},
  volume={31},
  number={9},
  pages={871--886},
  year={2012},
  publisher={Wiley Online Library}
}